@book{cox1977theory,
  title={The theory of stochastic processes},
  author={Cox, David Roxbee and Miller, Hilton David},
  volume={134},
  year={1977},
  publisher={CRC Press}
}
@book{rousset2004genetic,
  title={Genetic structure and selection in subdivided populations},
  author={Rousset, Fran{\c{c}}ois},
  volume={40},
  year={2004},
  publisher={Princeton University Press}
}
@book{johnson2005univariate,
  title={Univariate discrete distributions},
  author={Johnson, Norman L and Kemp, Adrienne W and Kotz, Samuel},
  volume={444},
  year={2005},
  publisher={John Wiley \& Sons}
}
